% This file was created with JabRef 2.9.2.
% Encoding: Cp1252

@MISC{battlenet,
  howpublished = {\url{http://wikipedia.org}},
  note = {Last accessed: 2015-03-15}
}

@misc{Microsof77:online,
author = {},
title = {Microsoft Word - 2018-04-11\_BPtK-Studie Wartezeiten 2018},
howpublished = {\url{https://www.bptk.de/uploads/media/20180411_BPtK-Studie_Wartezeiten_2018.pdf}},
month = {},
year = {},
note = {(Accessed on 11/07/2018)}
}

@misc{Arztrepo90:online,
author = {},
title = {Arztreport 2018 | BARMER},
howpublished = {\url{https://www.barmer.de/presse/infothek/studien-und-reports/arztreporte/barmer-arztreport-2018-144304}},
month = {},
year = {},
note = {(Accessed on 11/07/2018)}
}