% This file was created with JabRef 2.9.2.
% Encoding: Cp1252

@MISC{battlenet,
  howpublished = {\url{http://wikipedia.org}},
  note = {Last accessed: 2015-03-15}
}

@MISC{battlenet,
  howpublished = {\url{http://wikipedia.org}},
  note = {Last accessed: 2015-03-15}
}

@misc{Microsof77:online,
author = {},
title = {Microsoft Word - 2018-04-11\_BPtK-Studie Wartezeiten 2018},
howpublished = {\url{https://www.bptk.de/uploads/media/20180411_BPtK-Studie_Wartezeiten_2018.pdf}},
month = {},
year = {},
note = {(Accessed on 11/07/2018)}
}

@misc{Arztrepo90:online,
author = {},
title = {Arztreport 2018 | BARMER},
howpublished = {\url{https://www.barmer.de/presse/infothek/studien-und-reports/arztreporte/barmer-arztreport-2018-144304}},
month = {},
year = {},
note = {(Accessed on 11/07/2018)}
}

@misc{Hilfebei71:online,
author = {},
title = {Hilfe bei Depression: moodgym | AOK – Die Gesundheitskasse},
howpublished = {\url{https://www.aok.de/pk/bw/inhalt/moodgym-online-selbsthilfe-bei-depressionen-7/}},
month = {},
year = {},
note = {(Accessed on 11/08/2018)}
}

@misc{TKDepres18:online,
author = {},
title = {TK-DepressionsCoach | Die Techniker},
howpublished = {\url{https://www.tk.de/techniker/service/gesundheit-und-medizin/behandlungen-und-medizin/psychische-erkrankungen/tk-depressionscoach-2016410}},
month = {},
year = {},
note = {(Accessed on 11/08/2018)}
}

@misc{PROMIND78:online,
author = {},
title = {PRO MIND – Psychische Gesundheit | BARMER},
howpublished = {\url{https://www.barmer.de/gesundheitscampus/kurse/online-kurse/psychische-gesundheit-pro-mind}},
month = {},
year = {},
note = {(Accessed on 11/08/2018)}
}

@misc{psychisc90:online,
author = {},
title = {psychische gesundheit – Android-Apps auf Google Play},
howpublished = {\url{https://play.google.com/store/search?q=psychische\%20gesundheit&c=apps&hl=de}},
month = {},
year = {},
note = {(Accessed on 11/09/2018)}
}

@misc{Dialogfl40:online,
author = {},
title = {Dialogflow},
howpublished = {\url{https://console.dialogflow.com/api-client/\#/login}},
month = {},
year = {},
note = {(Accessed on 11/27/2018)}
}

@misc{KatalogI56:online,
author = {},
title = {Katalog - IBM Cloud},
howpublished = {\url{https://console.bluemix.net/catalog/?category=ai\&search=label:lite}},
month = {},
year = {},
note = {(Accessed on 11/27/2018)}
}

@misc{WelcomeM66:online,
author = {},
title = {Welcome Message},
howpublished = {\url{https://manychat.com/fb500208663808259/automation/welcome/edit}},
month = {},
year = {},
note = {(Accessed on 11/27/2018)}
}

@misc{Converse15:online,
author = {},
title = {Converse.AI},
howpublished = {\url{http://www.converse.ai/}},
month = {},
year = {},
note = {(Accessed on 11/27/2018)}
}

@misc{Chatfuel3:online,
author = {},
title = {Chatfuel dashboard},
howpublished = {\url{https://dashboard.chatfuel.com/\#/bot/5bea8fd30ecd9f4c8c0dd458/structure/5bea8fd30ecd9f4c8c0dd466}},
month = {},
year = {},
note = {(Accessed on 11/27/2018)}
}

@misc{BotsifyC64:online,
author = {},
title = {Botsify - Create artificial intelligent chatbots without coding.},
howpublished = {\url{https://botsify.com/}},
month = {},
year = {},
note = {(Accessed on 11/27/2018)}
}

@misc{WasistLa94:online,
author = {},
title = {Was ist LabVIEW? - National Instruments},
howpublished = {\url{http://www.ni.com/de-de/shop/labview.html}},
month = {},
year = {},
note = {(Accessed on 11/27/2018)}
}

@misc{BlocklyG57:online,
author = {},
title = {Blockly  |  Google Developers},
howpublished = {\url{https://developers.google.com/blockly/}},
month = {},
year = {},
note = {(Accessed on 11/27/2018)}
}

@misc{Simulink28:online,
author = {},
title = {Simulink - Simulation und Model-Based Design - MATLAB \& Simulink},
howpublished = {\url{https://de.mathworks.com/products/simulink.html}},
month = {},
year = {},
note = {(Accessed on 11/28/2018)}
}

@misc{Choregra47:online,
author = {},
title = {Choregraphe Suite — Aldebaran 2.4.3.28-r2 documentation},
howpublished = {\url{http://doc.aldebaran.com/2-4/software/choregraphe/index.html}},
month = {},
year = {},
note = {(Accessed on 11/28/2018)}
}

@misc{SwissEdu45:online,
author = {},
title = {SwissEduc - Informatik - JavaKara: Einführung in Java},
howpublished = {\url{https://www.swisseduc.ch/informatik/karatojava/javakara/}},
month = {},
year = {},
note = {(Accessed on 11/28/2018)}
}

@misc{DRAKONEd12:online,
author = {},
title = {DRAKON Editor},
howpublished = {\url{http://drakon-editor.sourceforge.net/}},
month = {},
year = {},
note = {(Accessed on 11/28/2018)}
}

@misc{PureData15:online,
author = {},
title = {Pure Data — Pd Community Site},
howpublished = {\url{https://puredata.info/}},
month = {},
year = {},
note = {(Accessed on 11/28/2018)}
}

@misc{SnapBuil34:online,
author = {},
title = {Snap! (Build Your Own Blocks) 4.2},
howpublished = {\url{https://snap.berkeley.edu/}},
month = {},
year = {},
note = {(Accessed on 11/28/2018)}
}

@misc{BlocklyG18:online,
author = {},
title = {Blockly  |  Google Developers},
howpublished = {\url{https://developers.google.com/blockly/}},
month = {},
year = {},
note = {(Accessed on 11/28/2018)}
}

@misc{NXTSoftw71:online,
author = {},
title = {NXT Software Download - Downloads - Mindstorms LEGO.com},
howpublished = {\url{https://www.lego.com/de-de/mindstorms/downloads/nxt-software-download}},
month = {},
year = {},
note = {(Accessed on 11/28/2018)}
}

@misc{squeakla50:online,
author = {},
title = {squeakland : home of squeak etoys},
howpublished = {\url{http://www.squeakland.org/}},
month = {},
year = {},
note = {(Accessed on 11/28/2018)}
}

@misc{GettingS56:online,
author = {},
title = {Getting Started | Markdown Guide},
howpublished = {\url{https://www.markdownguide.org/getting-started/}},
month = {},
year = {},
note = {(Accessed on 11/28/2018)}
}

@misc{TheOffic64:online,
author = {},
title = {The Official YAML Web Site},
howpublished = {\url{http://yaml.org/}},
month = {},
year = {},
note = {(Accessed on 11/28/2018)}
}

@misc{BBCodeor24:online,
author = {},
title = {BBCode.org, bbcode users guide and tricks on implementing it},
howpublished = {\url{https://www.bbcode.org/}},
month = {},
year = {},
note = {(Accessed on 11/28/2018)}
}

@misc{OSFSabri6:online,
author = {},
title = {OSF | Sabrina Thai - ExperienceSampler SPSP San Antonio 2017 Draft 1 FINAL To Post.pdf},
howpublished = {\url{https://osf.io/3am7g/}},
month = {},
year = {},
note = {(Accessed on 11/28/2018)}
}

@misc{movisens59:online,
author = {},
title = {movisensXS - eXperience Sampling for Android!},
howpublished = {\url{https://xs.movisens.com/}},
month = {},
year = {},
note = {(Accessed on 11/28/2018)}
}

@misc{theMyExp48:online,
author = {},
title = {the MyExperience tool},
howpublished = {\url{http://myexperience.sourceforge.net/}},
month = {},
year = {},
note = {(Accessed on 11/28/2018)}
}

@misc{PsyMateE15:online,
author = {},
title = {PsyMate [EN]},
howpublished = {\url{http://psymate.be/psymate--en-.html}},
month = {},
year = {},
note = {(Accessed on 11/28/2018)}
}